@article{kieda01,
      author         = "Kieda, D. B. and Swordy, S. P. and Wakely, S. P.",
      title          = "{A high resolution method for measuring cosmic ray
                        composition beyond 10-TeV}",
      journal        = "Astropart. Phys.",
      volume         = "15",
      year           = "2001",
      pages          = "287-303",
      doi            = "10.1016/S0927-6505(00)00159-6",
      eprint         = "astro-ph/0010554",
      archivePrefix  = "arXiv",
      primaryClass   = "astro-ph",
      SLACcitation   = "%%CITATION = ASTRO-PH/0010554;%%"
}

@article{hess07,
      author         = "Aharonian, F. and others",
      title          = "{First ground based measurement of atmospheric Cherenkov
                        light from cosmic rays}",
      collaboration  = "HESS",
      journal        = "Phys. Rev.",
      volume         = "D75",
      year           = "2007",
      pages          = "042004",
      doi            = "10.1103/PhysRevD.75.042004",
      eprint         = "astro-ph/0701766",
      archivePrefix  = "arXiv",
      primaryClass   = "ASTRO-PH",
      SLACcitation   = "%%CITATION = ASTRO-PH/0701766;%%"
}

@article{Hoerandel:2007fn,
      author         = "Hoerandel, Jorg R.",
      title          = "{Cosmic-ray composition and its relation to shock
                        acceleration by supernova remnants}",
      booktitle      = "{36th COSPAR Scientific Assembly Beijing, China, July
                        16-23, 2006}",
      journal        = "Adv. Space Res.",
      volume         = "41",
      year           = "2008",
      pages          = "442-463",
      doi            = "10.1016/j.asr.2007.06.008",
      eprint         = "astro-ph/0702370",
      archivePrefix  = "arXiv",
      primaryClass   = "astro-ph",
      SLACcitation   = "%%CITATION = ASTRO-PH/0702370;%%"
}

@article{berge2002,
  title={Development of an Algorithm for the Shower Reconstruction with the HESS Telescope System},
  author={Berge, David},
  year={2002},
  publisher={Master’s thesis, Humboldt-Universit{\"a}t zu Berlin}
}

@article{berlin08,
  title={Measurement of the
  cosmic ray flux with H.E.S.S},
  author={Schönwald, Arne},
  year={2008},
  publisher={Master’s thesis, Humboldt-Universit{\"a}t zu Berlin}
}